@article{jaeis-sample-article:en,
	author = {Sato, Yoshiki and Joho, Taro and Joho, Hanako and Joho, Jiro},
	title = {Sample Article Title},
	journal = {Joho University},
	pages = {1--10},
	year = 2009,
	address = {New York},
	memo = {},
}
@article{jaeis-sample-article:ja,
	title = {研究会発表原稿の書き方},
	author ={情報 太郎 and 情報 花子 and 情報 次郎},
	journal = {日本情報科教育学会 全国大会講演論文集},
	volume = {10},
	pages = {100--104},
	year = 2017,
	memo = {},
}

@article{jaeis-sample-article2:ja,
	title = {研究会発表原稿の書き方},
	author ={情報 太郎 and 情報 花子 and 情報 次郎},
	journal = {日本情報科教育学会 全国大会講演論文集},
	number = 31,
	volume = 3,
	pages = {1--5},
	year = 2008,
	memo = {},
}

@book{jaeis-sample-book:ja,
	author ={情報 太郎 and 情報 花子 and 情報 次郎},
	title   = {情報教育と教育の情報化},
	publisher = {情報出版},
	year = {2017},
	isbn = {000-0000000000},
	address = {東京},
	memo = {},
}
